@online{sfml,
  title = {\enquote{PÃ¡gina oficial de \acrshort{sfml}}},
  url = {http://www.sfml-dev.org/},
  urldate = {2015-06-24}
}